@INPROCEEDINGS {Stonebreaker2007,
    author    = "Michael Stonebreaker and Samuel Madden",
    title     = "The End of an Architectural Era (It?s Time for a Complete Rewrite)",
    booktitle = "VLDB Endowment",
    year      = "2007"
}
@CONFERENCE {Lim2013,
    author    = "Harold Lim and Yuzhang Han and Shivnath Babu",
    title     = "How to Fit when No One Size Fits",
    booktitle = "6th Biennial Conference on Innovative Data Systems Research (CIDR' 13)",
    year      = "2013"
}
@CONFERENCE {Dean2008,
    author       = "Jeffrey Dean and Sanjay Ghemawat",
    title        = "MapReduce: Simplified Data Processing on Large Clusters",
    booktitle    = "Communications of the ACM",
    year         = "2008",
    volume       = "51",
    month        = "jan",
    organization = "ACM"
}
@CONFERENCE {Abouzeid2009,
    author    = "Azza Abouzeid and Kamil Bajda-Pawlikowski and Daniel Abadi and Avi Silberschatz and Alexander Rasin",
    title     = "HadoopDB: An Architectural Hybrid of MapReduce and DBMS Technologies for Analytical Workloads",
    booktitle = "VLDB",
    year      = "2009",
    month     = "jun"
}
@CONFERENCE {Condie2010,
    author    = "Tyson Condie and Neil Conway and Peter Alvaro and Joseph M. Hellerstein and Khaled Elmeleegy and Russel Sears",
    title     = "MapReduce Online",
    booktitle = "NSDI",
    year      = "2010",
    month     = "jun"
}
@ARTICLE {Pansare2011,
    author  = "Niketan Pansare and Vinayak Borkar and Chris Jermaine and Tyson Condie",
    title   = "Online Aggregation for Large MapReduce Jobs",
    journal = "PVLDB",
    year    = "2011"
}
@URL {Aslett2012,
    author = "Matthew Aslett",
    year   = "2012",
    howpublished = "\url{https://blogs.the451group.com/information_management/files/2012/11/DBlandscape.jpg}",
    month  = "nov"
}
@INBOOK {Fowler2012,
    author    = "Martin Fowler and Pramod J. Sadalage",
    title     = "NoSQL Distilled: A Brief Guide to the Emerging World of Polyglot Persistence",
    publisher = "Addison Wesley",
    year      = "2012"
}