%% This BibTeX bibliography file was created using BibDesk.
%% http://bibdesk.sourceforge.net/


%% Created for Jules Testard at 2015-11-27 22:44:56 -0800 


%% Saved with string encoding Unicode (UTF-8) 



@misc{soot,
	Date-Added = {2015-11-28 06:44:05 +0000},
	Date-Modified = {2015-11-28 06:44:55 +0000},
	Howpublished = {{\url{http://www.sable.mcgill.ca/soot}}},
	Title = {SOOT. A Java Optimization Framework}}

@article{fu:2011aa,
	Author = {Fu, Yupeng and Ong, Kian Win and Papakonstantinou, Yannis  and Petropoulos, Michalis},
	Date-Added = {2015-11-28 05:38:16 +0000},
	Date-Modified = {2015-11-28 05:43:06 +0000},
	Journal = {CIDR},
	Title = {The SQL-Based All-Declarative FORWARD Web Application Development Framework (Slides)},
	Year = {2011}}

@misc{JSON,
	Date-Added = {2015-11-28 05:22:48 +0000},
	Date-Modified = {2015-11-28 05:22:48 +0000},
	Howpublished = {{\url{http://www.json.org/}}},
	Title = {JSON}}

@article{gurst:2004aa,
	Author = {Gurst, Torsten and Sakr, S. and Teubner, J.},
	Date-Added = {2015-11-27 23:28:08 +0000},
	Date-Modified = {2015-11-27 23:29:04 +0000},
	Journal = {VLDB},
	Title = {XQuery on SQL Hosts},
	Year = {2004}}

@article{gurst:2009aa,
	Author = {Gurst, Torsten and Mayr, Manuel and Rittinger, Jan and Schreiber, Tom},
	Date-Added = {2015-11-27 23:22:21 +0000},
	Date-Modified = {2015-11-27 23:24:24 +0000},
	Journal = {SIGMOD},
	Title = {Ferry : Database-Supported Program Execution},
	Year = {2009}}

@article{gurst:2013aa,
	Author = {Gurst, Torsten and Mayr, Manuel},
	Date-Added = {2015-11-27 23:20:15 +0000},
	Date-Modified = {2015-11-27 23:21:35 +0000},
	Journal = {ICDE},
	Title = {A Deep Embedding of Queries into Ruby},
	Year = {2013}}

@article{gurst:2010aa,
	Author = {Gurst, Torsten and Rittinger, Jan and Schreiber, Tom},
	Date-Added = {2015-11-27 23:13:25 +0000},
	Date-Modified = {2015-11-27 23:20:09 +0000},
	Journal = {VLDB},
	Title = {Avalanche-Safe LINQ Compilation},
	Year = {2010}}

@misc{LINQ,
	Author = {Microsoft},
	Date-Added = {2015-11-27 23:06:47 +0000},
	Date-Modified = {2015-11-27 23:13:22 +0000},
	Howpublished = {{\url{https://msdn.microsoft.com/en-us/library/bb397897.aspx}}},
	Title = {LINQ: Language-Integrated Querying}}

@article{wiedermann:2008aa,
	Author = {Wiedermann, B and Ibrahim, Ali H. and Cook, William R.},
	Date-Added = {2015-11-27 13:24:29 +0000},
	Date-Modified = {2015-11-27 13:24:29 +0000},
	Journal = {OOPSLA},
	Title = {Interprocedural query extraction for transparent persistence},
	Year = {2008}}

@techreport{cook:2005aa,
	Author = {Integrating Programming Languagess \& Databases: What's The Problem?},
	Date-Added = {2015-11-27 12:45:01 +0000},
	Date-Modified = {2015-11-27 12:57:22 +0000},
	Institution = {U.T. Austin},
	Title = {Cook, William R. and Ibrahim, Ali H.},
	Year = {2005}}

@inbook{maier:1987aa,
	Author = {David Maier},
	Date-Added = {2015-11-27 12:42:21 +0000},
	Date-Modified = {2015-11-27 12:44:43 +0000},
	Editor = {Bancilhon, Francois and Buneman, Peter},
	Pages = {377-386s},
	Publisher = {Addisson-Wesley},
	Title = {Advances in Database Programming Languages},
	Year = {1987}}

@misc{django,
	Date-Added = {2015-11-27 03:02:41 +0000},
	Date-Modified = {2015-11-27 03:08:14 +0000},
	Howpublished = {{\url{https://www.djangoproject.com/}}},
	Title = {Django Web Framework for Python}}

@misc{rails,
	Date-Added = {2015-11-27 03:01:36 +0000},
	Date-Modified = {2015-11-27 03:02:34 +0000},
	Howpublished = {{\url{http:"http://www.rubyonrails.org"}}},
	Title = {Ruby on Rails}}

@article{ramachandra:2012aa,
	Author = {Ramachandra, Karthik and Sudarashan S},
	Date-Added = {2015-11-27 02:43:50 +0000},
	Date-Modified = {2015-11-27 02:48:28 +0000},
	Journal = {SIGMOD},
	Title = {Holistic Optimization By Prefetching Query Results},
	Year = {2012}}

@techreport{manjhi:2009aa,
	Author = {Manjhi, Amin and Garrod, Charles and Maggs, Bruce and Mowry, Todd and Tomasic, Anthony},
	Date-Added = {2015-11-27 02:32:24 +0000},
	Date-Modified = {2015-11-27 02:33:47 +0000},
	Institution = {CMU},
	Title = {Holistic Query Transformations for Dynamic Web Applications},
	Year = {2009}}

@article{lieuwen:1992aa,
	Author = {Lieuwen, D.F. and DeWitt, D. J.},
	Date-Added = {2015-11-27 02:02:31 +0000},
	Date-Modified = {2015-11-27 02:30:48 +0000},
	Journal = {SIGMOD},
	Title = {A Transformation Based Approach to Optimizing Loops in Database Programming Languages},
	Year = {1992}}

@article{rao:1998aa,
	Author = {Rao, Jun and Ross, Kenneth},
	Date-Added = {2015-11-27 00:06:35 +0000},
	Date-Modified = {2015-11-27 00:07:29 +0000},
	Journal = {SIGMOD},
	Title = {Reusing Invariants: A New Strategy For Correlated Queries},
	Year = {1998}}

@article{pirahesh:1992aa,
	Author = {Pirahesh, Hamid and Hellerstein, Joseph M. and Hasan, Waqar},
	Date-Added = {2015-11-27 00:02:47 +0000},
	Date-Modified = {2015-11-27 00:06:27 +0000},
	Journal = {SIGMOD},
	Title = {Extensible/rule-based query rewrite optimization in Starburst},
	Year = {1992}}

@techreport{yupeng-fu:2014aa,
	Author = {Fu, Yupeng and Papakonstantinou, Yannis},
	Date-Added = {2015-11-26 02:31:29 +0000},
	Date-Modified = {2015-11-26 06:59:54 +0000},
	Institution = {UCSD},
	Title = {Holistic Data Access Optimization for Analytics Reports},
	Year = {2014}}

@misc{Z3,
	Date-Added = {2015-11-25 19:45:37 +0000},
	Date-Modified = {2015-11-25 19:52:03 +0000},
	Howpublished = {{\url{http://research.microsoft.com/en-us/um/redmond/projects/z3}}},
	Title = {Z3 Theorem Prover}}

@conference{solar-lezama:2006aa,
	Author = {Solar-Lezama, Armando and Tancau, L. and Bodik, R and Seshia S. and Saraswat, V.},
	Booktitle = {APSLOS},
	Date-Added = {2015-11-25 19:39:31 +0000},
	Date-Modified = {2015-11-25 19:41:10 +0000},
	Pages = {404-415},
	Title = {Combinatorial Sketching for Finite Programs},
	Year = {2006}}

@article{iu:2010aa,
	Author = {Iu, M.-Y. and Cecchet, E. and Zwaenepoel, W.},
	Date-Added = {2015-11-24 17:54:01 +0000},
	Date-Modified = {2015-11-27 03:14:29 +0000},
	Title = {Jreq: Database queries in imperative languages},
	Year = {2010}}

@article{kiessling:1984aa,
	Author = {Kiessling, W},
	Date-Added = {2015-11-23 06:08:43 +0000},
	Date-Modified = {2015-11-23 06:09:32 +0000},
	Journal = {UCB ERL Memo},
	Title = {SQL-like and Quel-like correlation queries with aggregates revisited},
	Year = {1984}}

@article{dayal:1987aa,
	Author = {Dayal, Umeshwar},
	Date-Added = {2015-11-23 04:45:30 +0000},
	Date-Modified = {2015-11-23 04:46:33 +0000},
	Journal = {VLDB},
	Title = {Of Nests and Trees: A Unified Approach to Processing Queries that Contain Nested Subqueries, Aggregates and Quantifiers},
	Year = {1987}}

@article{seshadri:1996aa,
	Author = {Seshadri, Praveen and Pirahesh, Amid and Leung, T.Y. Cliff},
	Date-Added = {2015-11-23 04:42:16 +0000},
	Date-Modified = {2015-11-23 04:45:26 +0000},
	Journal = {ICDE},
	Title = {Complex Query Decorrelation},
	Year = {1996}}

@article{ganski:1987aa,
	Author = {Ganski, Richard and Wong, Harry},
	Date-Added = {2015-11-23 04:23:21 +0000},
	Date-Modified = {2015-11-23 04:36:43 +0000},
	Journal = {ACM SIGMOD},
	Title = {Optimization of Nested SQL Queries Revisited},
	Year = {1987}}

@article{kim:1982aa,
	Author = {Kim, Wong},
	Date-Added = {2015-11-23 04:22:32 +0000},
	Date-Modified = {2015-11-23 04:23:17 +0000},
	Journal = {Transactions of Database Systems},
	Title = {On Optimizing a SQL-Like Nested Query},
	Year = {1982}}

@article{selinger:1979aa,
	Author = {Selinger, PG and Astrahan, M and Chamberlin, D and Lorne, A and Price, T},
	Date-Added = {2015-11-23 04:18:11 +0000},
	Date-Modified = {2015-11-23 04:22:22 +0000},
	Journal = {SIGMOD},
	Title = {Access Path Selection in a relational database system},
	Year = {1979}}

@url{tpch,
	Date-Added = {2015-11-23 00:34:18 +0000},
	Date-Modified = {2015-11-23 02:10:57 +0000},
	Title = {TPC-H Homepage \url{http://www.tpc.org/tpch/}}}

@misc{jdbc,
	Date-Added = {2015-11-22 22:36:06 +0000},
	Date-Modified = {2015-11-26 06:39:23 +0000},
	Howpublished = {{\url{http://www.oracle.com/technetwork/java/javase/jdbc/index.html}}},
	Title = {JDBC},
	Bdsk-Url-1 = {http://www.oracle.com/technetwork/java/javase/jdbc/index.html}}

@misc{hibernate,
	Date-Added = {2015-11-22 22:34:42 +0000},
	Date-Modified = {2015-11-26 06:39:49 +0000},
	Howpublished = {{\url{http://hibernate.org/}}},
	Title = {Hibernate ORM},
	Bdsk-Url-1 = {http://hibernate.org/}}

@article{alvin-cheung:2013ab,
	Author = {Cheung, Alvin and Solar-Lezama, Armando and Madden, Samuel and Arden, Owen and Myers, Andrew C.},
	Date-Added = {2015-11-22 22:33:36 +0000},
	Date-Modified = {2015-11-22 22:34:30 +0000},
	Journal = {CIDR},
	Title = {Status Quo : Making Familiar Abstractions Perform Using Program Analysis},
	Year = {2013}}

@article{mahendra-chavan:2011aa,
	Author = {Chavan, Mahendra and Guravannavar, Ravindra and Ramachandra, Karthik and Sudarashan S},
	Date-Added = {2015-11-22 22:27:38 +0000},
	Date-Modified = {2015-11-22 22:33:28 +0000},
	Journal = {ICDE},
	Title = {DBridge: A Program Rewrite Tool for Set-Oriented Query Execution},
	Year = {2011}}

@article{strudel,
	Author = {Fernandez, M.F. and Florescu, D. and Levy, Alon and Suciu, Dan},
	Date-Added = {2015-11-22 22:25:12 +0000},
	Date-Modified = {2015-11-26 02:31:23 +0000},
	Institution = {UCSD},
	Journal = {VLDB},
	Title = {Declarative Specification of Web sites with Strudel},
	Year = {2000}}

@techreport{kian-win-ong:2014aa,
	Author = {Ong, Kian Win and Papakonstantinou, Yannis},
	Date-Added = {2015-11-22 22:24:19 +0000},
	Date-Modified = {2015-11-22 22:25:08 +0000},
	Institution = {UCSD},
	Title = {The SQL++ Query Language : Configurable, Unifying and Semi-Structured},
	Year = {2014}}

@article{torsten-gurst:2012aa,
	Author = {Gurst, Torsten and Mayr, Manuel},
	Date-Added = {2015-11-22 22:23:44 +0000},
	Date-Modified = {2015-11-22 22:24:15 +0000},
	Journal = {ICDE},
	Title = {A Deep Embedding of Queries into Ruby},
	Year = {2012}}

@article{torsten-gurst:2010aa,
	Author = {Gurst, Torsten and Rattinger, Jan and Schreiber, Tom},
	Date-Added = {2015-11-22 22:22:20 +0000},
	Date-Modified = {2015-11-22 22:23:39 +0000},
	Journal = {VLDB},
	Title = {Avalanche-Safe LINQ Compilation},
	Year = {2010}}

@article{william-r-cook:2005aa,
	Author = {Cook, William R. and Ibrahim, Ali H.},
	Date-Added = {2015-11-22 22:19:55 +0000},
	Date-Modified = {2015-11-22 22:22:10 +0000},
	Title = {Integrating Program Languages \& Databases : What's the Problem?},
	Year = {2005}}

@article{torsten-gurst:2009aa,
	Author = {Gurst, Torsten and Mayr, Manuel and Rattinger, Jan and Schreiber, Tom},
	Date-Added = {2015-11-22 22:18:48 +0000},
	Date-Modified = {2015-11-22 22:19:51 +0000},
	Journal = {SIGMOD},
	Title = {Ferry : Database-Supported Program Execution},
	Year = {2009}}

@article{karthik-ramachandra:2015aa,
	Author = {Ramachandra, Karthik and Guravannavar, Ravindra},
	Date-Added = {2015-11-22 22:17:47 +0000},
	Date-Modified = {2015-11-22 22:18:27 +0000},
	Journal = {2014},
	Title = {Database-Aware Program Optimizations via Static Analysis},
	Year = {ICDE}}

@article{alvin-cheung:2013aa,
	Author = {Cheung, Alvin and Solar-Lezama, Armando and Madden Samuel},
	Date-Added = {2015-11-22 22:16:58 +0000},
	Date-Modified = {2015-11-22 22:17:40 +0000},
	Journal = {PLDI},
	Title = {Optimizing Database-Backed Applications with Query Synthesis},
	Year = {2013}}

@article{ravindra-guravannavar:2008aa,
	Author = {Guravannavar, Ravindra and Sudarshan, S.},
	Date-Added = {2015-11-22 22:16:14 +0000},
	Date-Modified = {2015-11-22 22:16:48 +0000},
	Journal = {VLDB},
	Title = {Rewriting Procedure For Batched Bindings},
	Year = {2008}}

@article{karthik-ramachandra:2011aa,
	Author = {Ramachandra, Karthik and Guravannavar, Ravindra and Sudarshan, S.},
	Date-Added = {2015-11-22 22:14:09 +0000},
	Date-Modified = {2015-11-22 22:16:03 +0000},
	Journal = {SOAP},
	Title = {Program Analysis and Transformation for Holistic Optimization of Database Applications},
	Year = {2011}}

@misc{akamai2,
	Author = {Akamai Technologies Inc. and Quocirca},
	Date-Added = {2015-11-22 21:34:26 +0000},
	Date-Modified = {2015-11-27 03:09:14 +0000},
	Howpublished = {{\url{http://www.edgejava.net/html/about/press/ releases/2007/press_110707.html}}},
	Title = {Akamai and Quocirca identify '4 second' performance threshold for European web-based enterprise applications}}

@misc{akamai,
	Author = {Akamai Technologies Inc. and Jupiter Research Inc.},
	Date-Added = {2015-11-22 21:31:25 +0000},
	Date-Modified = {2015-11-27 03:08:54 +0000},
	Howpublished = {{\url{http://www.akamai.com/html/about/press/ releases/2006/press_110606.html}}},
	Title = {Akamai and Jupiter Research identify `4 seconds' as the new threshold of acceptability for retail web page response times}}

@article{manjhi2009,
	Author = {Manjhi, Amin and Garrod, Charles and Maggs, Bruce and Mowry, Todd and Tomasic, Anthony},
	Date-Added = {2015-11-22 21:22:10 +0000},
	Date-Modified = {2015-11-22 21:34:20 +0000},
	Journal = {ICDE},
	Title = {Holistic Query Transformations for Dynamic Web Applications},
	Year = {2009}}
